<record><leader>01757cam a2200421 i 4500</leader><controlfield tag="001">6775799</controlfield><controlfield tag="003">OCoLC</controlfield><controlfield tag="005">20141226104936.0</controlfield><controlfield tag="008">140131s2015    nju      b    001 0 eng  </controlfield><datafield ind1=" " ind2=" " tag="010"><subfield code="a">  2014003822</subfield></datafield><datafield ind1=" " ind2=" " tag="020"><subfield code="a">9780691162782</subfield><subfield code="q">hardcover</subfield></datafield><datafield ind1=" " ind2=" " tag="020"><subfield code="a">0691162786</subfield><subfield code="q">hardcover</subfield></datafield><datafield ind1=" " ind2=" " tag="020"><subfield code="a">9780691162799</subfield><subfield code="q">paperback</subfield></datafield><datafield ind1=" " ind2=" " tag="020"><subfield code="a">0691162794</subfield><subfield code="q">paperback</subfield></datafield><datafield ind1="8" ind2=" " tag="024"><subfield code="a">40024316143</subfield></datafield><datafield ind1=" " ind2=" " tag="040"><subfield code="a">DLC</subfield><subfield code="b">eng</subfield><subfield code="e">rda</subfield><subfield code="c">DLC</subfield><subfield code="d">YDX</subfield><subfield code="d">YDXCP</subfield><subfield code="d">BTCTA</subfield><subfield code="d">OCLCO</subfield><subfield code="d">OCLCQ</subfield><subfield code="d">YUS</subfield><subfield code="d">UAB</subfield></datafield><datafield ind1=" " ind2=" " tag="042"><subfield code="a">pcc</subfield></datafield><datafield ind1=" " ind2=" " tag="043"><subfield code="a">e-gw---</subfield></datafield><datafield ind1="0" ind2="0" tag="050"><subfield code="a">BP170.5.A1</subfield><subfield code="b">O99 2015</subfield></datafield><datafield ind1="0" ind2="0" tag="082"><subfield code="a">297.5/740943</subfield><subfield code="2">23</subfield></datafield><datafield ind1=" " ind2=" " tag="090"><subfield code="a">BP 170.5 A1 O99 2015</subfield><subfield code="b">AEU</subfield></datafield><datafield ind1="1" ind2=" " tag="100"><subfield code="a">&#214;zy&#252;rek, Esra,</subfield><subfield code="e">author.</subfield></datafield><datafield ind1="1" ind2="0" tag="245"><subfield code="a">Being German, becoming Muslim :</subfield><subfield code="b">race, religion, and conversion in the new Europe /</subfield><subfield code="c">Esra &#214;zy&#252;rek.</subfield></datafield><datafield ind1=" " ind2="1" tag="264"><subfield code="a">Princeton, New Jersey :</subfield><subfield code="b">Princeton University Press,</subfield><subfield code="c">[2015]</subfield></datafield><datafield ind1=" " ind2=" " tag="300"><subfield code="a">x, 171 pages ;</subfield><subfield code="c">24 cm.</subfield></datafield><datafield ind1=" " ind2=" " tag="336"><subfield code="a">text</subfield><subfield code="b">txt</subfield><subfield code="2">rdacontent</subfield></datafield><datafield ind1=" " ind2=" " tag="337"><subfield code="a">unmediated</subfield><subfield code="b">n</subfield><subfield code="2">rdamedia</subfield></datafield><datafield ind1=" " ind2=" " tag="338"><subfield code="a">volume</subfield><subfield code="b">nc</subfield><subfield code="2">rdacarrier</subfield></datafield><datafield ind1="1" ind2=" " tag="490"><subfield code="a">Princeton studies in Muslim politics</subfield></datafield><datafield ind1=" " ind2=" " tag="504"><subfield code="a">Includes bibliographical references (pages 149-161) and index.</subfield></datafield><datafield ind1="0" ind2=" " tag="505"><subfield code="a">Germanizing Islam and racializing Muslims -- Giving Islam a German face -- Establishing distance from immigrant Muslims -- Double fall: East German conversion after the Berlin Wall -- Being Muslim as a way of becoming German -- Salafism as the future of european Islam?</subfield></datafield><datafield ind1=" " ind2=" " tag="596"><subfield code="a">16</subfield></datafield><datafield ind1=" " ind2="0" tag="650"><subfield code="a">Muslim converts</subfield><subfield code="z">Germany.</subfield></datafield><datafield ind1=" " ind2="0" tag="650"><subfield code="a">Islam</subfield><subfield code="z">Gemany.</subfield></datafield><datafield ind1=" " ind2="0" tag="650"><subfield code="a">Conversion</subfield><subfield code="x">Islam.</subfield></datafield><datafield ind1=" " ind2="0" tag="830"><subfield code="a">Princeton studies in Muslim politics.</subfield></datafield><datafield ind1=" " ind2=" " tag="949"><subfield code="a">BP 170.5 A1 O99 2015</subfield><subfield code="c">1</subfield><subfield code="h">UAAU-B</subfield><subfield code="i">0162035224482</subfield></datafield><datafield ind1=" " ind2=" " tag="926"><subfield code="a">BP 170.5 A1 O99 2015</subfield><subfield code="w">LC</subfield><subfield code="c">1</subfield><subfield code="i">0162035224482</subfield><subfield code="l">ON_SHELF</subfield><subfield code="m">UAAUG</subfield><subfield code="p">$150.00</subfield><subfield code="r">Y</subfield><subfield code="s">Y</subfield><subfield code="t">BOOK</subfield><subfield code="u">1/14/2015</subfield></datafield></record>